
@misc{pappas_christopher_11_2016,
	title = {11 {Tips} {To} {Choose} {The} {Best} {eLearning} {Authoring} {Tool} - {eLearning} {Industry}},
	url = {http://elearningindustry.com/11-tips-to-choose-the-best-elearning-authoring-tool},
	urldate = {2016-03-15},
	author = {Pappas, Christopher},
	year = {2016},
	file = {11 Tips To Choose The Best eLearning Authoring Tool - eLearning Industry:C\:\\Users\\sprudhomme\\AppData\\Roaming\\Mozilla\\Firefox\\Profiles\\w7g0mxsr.default\\zotero\\storage\\MWS54HD2\\11-tips-to-choose-the-best-elearning-authoring-tool.html:text/html}
}

@misc{theler_comprendre_2013,
	title = {Comprendre {Tin} {Can} {API} : ce que cela change pour le e-learning},
	url = {http://www.e-teach.ch/blog/comprendre-tin-can-api-elearning-scorm/},
	howpublished = "\url{http://www.e-teach.ch/blog/comprendre-tin-can-api-elearning-scorm/}. En ligne; consulté le 16 mars 2016",
	urldate = {2016-03-16},
	author = {Theler, Julien},
	year = {2013},
	file = {Comprendre Tin Can API \: ce que cela change pour le e-learning:C\:\\Users\\sprudhomme\\AppData\\Roaming\\Mozilla\\Firefox\\Profiles\\w7g0mxsr.default\\zotero\\storage\\ZUHMNPQ3\\comprendre-tin-can-api-elearning-scorm.html:text/html}
}

@misc{e-doceo_definition_2016,
	title = {Définition e-learning avec e-doceo},
	url = {http://www.e-doceo.net/definition-e-learning.php},
	howpublished = "\url{http://www.e-doceo.net/definition-e-learning.php}. En ligne; consulté le 16 mars 2016",
	urldate = {2016-03-16},
	author = {{e-doceo}},
	year = {2016},
	file = {- définition e-learning avec e-doceo:C\:\\Users\\sprudhomme\\AppData\\Roaming\\Mozilla\\Firefox\\Profiles\\w7g0mxsr.default\\zotero\\storage\\2QM93NJN\\definition-e-learning.html:text/html}
}

@misc{mcintosh_elearning_2013,
	title = {{eLearning} {Authoring} {Tools} {Checklist} of {Features} - {eLearning} {Industry}},
	url = {http://elearningindustry.com/elearning-authoring-tools-checklist-features},
	howpublished = "\url{http://elearningindustry.com/elearning-authoring-tools-checklist-features}. En ligne; consulté le 16 mars 2016",
	urldate = {2016-03-16},
	author = {Mcintosh, Don},
	year = {2013},
	file = {eLearning Authoring Tools Checklist of Features - eLearning Industry:C\:\\Users\\sprudhomme\\AppData\\Roaming\\Mozilla\\Firefox\\Profiles\\w7g0mxsr.default\\zotero\\storage\\ISGBCBW6\\elearning-authoring-tools-checklist-features.html:text/html}
}

@misc{durant_html_2014,
	title = {{HTML} and {CSS} {\textbar} {Noob} {Web} {Dev}},
	url = {http://chris-duran.com/?p=9},
	howpublished = "\url{http://chris-duran.com/?p=9}. En ligne; consulté le 16 mars 2016",
	urldate = {2016-03-16},
	author = {Durant, Chris},
	year = {2014},
	file = {HTML and CSS | Noob Web Dev:C\:\\Users\\sprudhomme\\AppData\\Roaming\\Mozilla\\Firefox\\Profiles\\w7g0mxsr.default\\zotero\\storage\\BP52Q4I2\\chris-duran.com.html:text/html}
}

@misc{office_quebecois_de_la_langue_francaise_langage_2002,
	title = {Langage {HTML}},
	url = {http://gdt.oqlf.gouv.qc.ca/ficheOqlf.aspx?Id_Fiche=2075521},
	howpublished = "\url{http://gdt.oqlf.gouv.qc.ca/ficheOqlf.aspx?Id_Fiche=2075521}. En ligne; consulté le 16 mars 2016",
	urldate = {2016-03-16},
	author = {{Office québécois de la langue française}},
	year = {2002},
	file = {Le grand dictionnaire terminologique:C\:\\Users\\sprudhomme\\AppData\\Roaming\\Mozilla\\Firefox\\Profiles\\w7g0mxsr.default\\zotero\\storage\\TB5MDUE9\\ficheOqlf.html:text/html}
}

@misc{office_quebecois_de_la_langue_francaise_langage_2006,
	title = {Langage {XML}},
	url = {http://gdt.oqlf.gouv.qc.ca/ficheOqlf.aspx?Id_Fiche=8393160},
	howpublished = "\url{http://gdt.oqlf.gouv.qc.ca/ficheOqlf.aspx?Id_Fiche=8393160}. En ligne; consulté le 16 mars 2016",
	urldate = {2016-03-16},
	author = {{Office québécois de la langue française}},
	year = {2006},
	file = {Le grand dictionnaire terminologique:C\:\\Users\\sprudhomme\\AppData\\Roaming\\Mozilla\\Firefox\\Profiles\\w7g0mxsr.default\\zotero\\storage\\Q65FPBH5\\ficheOqlf.html:text/html}
}

@misc{gouvernement_du_canada_canada_school_of_public_service_learning_2016,
	title = {Learning application - {CSPS}},
	url = {http://www.csps-efpc.gc.ca/le/index-eng.aspx},
	howpublished = "\url{http://www.csps-efpc.gc.ca/le/index-eng.aspx}. En ligne; consulté le 16 mars 2016",
	urldate = {2016-03-16},
	author = {{Gouvernement du Canada, Canada School of Public Service}},
	year = {2016},
	file = {Learning application - CSPS:C\:\\Users\\sprudhomme\\AppData\\Roaming\\Mozilla\\Firefox\\Profiles\\w7g0mxsr.default\\zotero\\storage\\UUBQ6D6D\\index-eng.html:text/html}
}

@misc{traore_learning_2015,
	title = {Learning {Record} {Store}},
	url = {https://prezi.com/exofbscc6u-n/learning-record-store/},
	howpublished = "\url{https://prezi.com/exofbscc6u-n/learning-record-store/}. En ligne; consulté le 16 mars 2016",
	urldate = {2016-03-18},
	author = {Traoré, Moussa},
	year = {2015},
	file = {Learning Record Store par Moussa Traoré sur Prezi:C\:\\Users\\sprudhomme\\AppData\\Roaming\\Mozilla\\Firefox\\Profiles\\w7g0mxsr.default\\zotero\\storage\\3ASCIC9Z\\learning-record-store.html:text/html}
}

@misc{office_quebecois_de_la_langue_francaise_logiciel_2002,
	title = {Logiciel auteur},
	url = {http://gdt.oqlf.gouv.qc.ca/ficheOqlf.aspx?Id_Fiche=8392043},
	howpublished = "\url{http://gdt.oqlf.gouv.qc.ca/ficheOqlf.aspx?Id_Fiche=8392043}. En ligne; consulté le 16 mars 2016",
	urldate = {2016-03-16},
	author = {{Office québécois de la langue française}},
	year = {2002},
	file = {Le grand dictionnaire terminologique:C\:\\Users\\sprudhomme\\AppData\\Roaming\\Mozilla\\Firefox\\Profiles\\w7g0mxsr.default\\zotero\\storage\\JX4RCQMB\\ficheOqlf.html:text/html}
}

@misc{clarey_organizational_2012,
	address = {Las Vegas},
	title = {Organizational {Learning} with agility},
	author = {Clarey, Janet},
	month = oct,
	year = {2012}
}

@misc{office_quebecois_de_la_langue_francaise_versionnage_2002,
	title = {Versionnage},
	url = {http://gdt.oqlf.gouv.qc.ca/ficheOqlf.aspx?Id_Fiche=8392043},
	howpublished = "\url{http://gdt.oqlf.gouv.qc.ca/ficheOqlf.aspx?Id_Fiche=8392043}. En ligne; consulté le 16 mars 2016",
	urldate = {2016-03-16},
	author = {{Office québécois de la langue française}},
	year = {2002},
	file = {Le grand dictionnaire terminologique:C\:\\Users\\sprudhomme\\AppData\\Roaming\\Mozilla\\Firefox\\Profiles\\w7g0mxsr.default\\zotero\\storage\\I6HMPXUP\\ficheOqlf.html:text/html}
}